@misc{1,
    note = {Angelopoulos, A. N., Bates, S., Fannjiang, C., Jordan, M. I., & Zrnic, T. (2023). Prediction-Powered Inference. *Science, 382*(6669), 669-674.}
}

@misc{19,
    note = {Angelopoulos, A. N., Duchi, J. C., & Zrnic, T. (2023). PPI++: Efficient Prediction-Powered Inference. *arXiv preprint arXiv:2311.01453*.}
}

@misc{70,
    note = {Barber, R. F., Candès, E. J., Ramdas, A., & Tibshirani, R. J. (2023). Cross-prediction: A method for valid inference powered by machine learning. *Proceedings of the National Academy of Sciences, 120*(50), e2322083121.}
}

@misc{Boyeau2025,
    note = {Boyeau, P., Veyrier, C., & Guedj, B. (2025). Prediction-powered inference for clinical trials. *medRxiv*. (Note: Key '19' is duplicated in solution.md for this and PPI++. Using a distinct key 'Boyeau2025' here. You may need to adjust citation keys in main.tex if this was intended to be a separate reference from the other [19])}
}

@misc{71,
    note = {Candès, E. J., & Zrnic, T. (2023). Cross-prediction-powered inference. *arXiv preprint arXiv:2309.16598*.}
}

@misc{72,
    note = {Chatzi, M., Chen, Z., d'Alché-Buc, F., Foster, D. P., & Stine, R. (2024). Stratified Prediction-Powered Inference. *Advances in Neural Information Processing Systems (NeurIPS)*.}
}

@misc{4,
    note = {Csillag, D., Struchiner, C. J., & Goedert, G. T. (2025). Prediction-Powered E-Values. *arXiv preprint arXiv:2502.04294*.}
}

@misc{17,
    note = {Egami, N., Hinck, M., Stewart, B. M., & Wei, H. (2023). Using Imperfect Surrogates for Downstream Inference: Design-based Supervised Learning for Social Science Applications of Large Language Models. *arXiv preprint arXiv:2306.04746*.}
}

@misc{29,
    note = {GitHub Repository. aangelopoulos/ppi\_py.}
}

@misc{39,
    note = {GitHub Repository. yang3kc/cursor\_latex\_template.}
}

@misc{79,
    note = {Kallus, N. (n.d.). Research. Nathan Kallus.}
}

@misc{31,
    note = {Kluger, D. M., et al. (2025). Prediction-Powered Inference with Imputed Covariates and Nonuniform Sampling. *arXiv preprint arXiv:2501.18577*.}
}

@misc{MNIST,
    note = {Lecun, Y., Cortes, C., & Burges, C. J. C. (n.d.). MNIST handwritten digit database. (Note: No key number provided in solution.md, using 'MNIST' as a placeholder key)}
}

@misc{1010,
    note = {Lin, W., et al. (2020). What are the limitations of classical statistical inference methods (e.g., t-tests, chi-squared tests, linear regression) when applied to small sample sizes, focusing on issues like statistical power, reliability of p-values, and validity of assumptions. *BMC Medical Research Methodology*.}
}

@misc{80,
    note = {Maurer, D., et al. (2025). AutoEval-Phi: A Prediction-Powered Method for Automatic Evaluation of (Instruction-Following) Language Models. *arXiv preprint arXiv:2403.07008*.}
}

@misc{1818,
    note = {McGill University. (n.d.). Prediction-powered inference: Evaluating efficiency in genomic data analysis.}
}

@misc{82,
    note = {Miao, W., Lei, L., Ramdas, A., & Zrnic, T. (2024). Active Inference: A New Methodology for Machine-Learning-Assisted Data Collection. *arXiv preprint arXiv:2403.03208*.}
}

@misc{58,
    note = {Morris, T. P., White, I. R., & Crowther, M. J. (2019). Using simulation studies to evaluate statistical methods. *Statistics in Medicine, 38*(11), 2074-2102. (This is a general guide for simulation studies).}
}

@misc{57,
    note = {Paxton, P., Curran, P. J., Bollen, K. A., Kirby, J., & Chen, F. (2001). Monte Carlo experiments: Design and implementation. *Structural Equation Modeling, 8*(2), 287-312.}
}

@misc{22,
    note = {ppi\_py Documentation. (n.d.). API Reference for PPI.}
}

@misc{44,
    note = {Quarto Documentation. (n.d.).}
}

@misc{14,
    note = {Rajkomar, A., Dean, J., & Kohane, I. (2019). Machine Learning in Medicine. *New England Journal of Medicine, 380*(14), 1347-1358. (Discusses ML vs. Statistics in medicine).}
}

@misc{87,
    note = {Schaefer, K. (2004). Too much of a good thing? The gravity model and the data-generating process. *USITC Office of Economics Working Paper*.}
}

@misc{SSL_general,
    note = {Semi-supervised learning general concepts. (Note: Key '3' was used in solution.md. Using 'SSL_general' as a placeholder key, assuming this is different from other numbered keys if they exist with '3')}
}

@misc{15,
    note = {Sim, J., & Wright, C. C. (2005). The Kappa Statistic in Reliability Studies: Use, Interpretation, and Sample Size Requirements. *Physical Therapy, 85*(3), 257-268.}
}

@misc{59,
    note = {Timms, L., et al. (2024). How to check a simulation study. *International Journal of Epidemiology, 53*(1), dyad134.}
}

@misc{90,
    note = {Zhang, A., Brown, L. D., & Cai, T. T. (2018). Semi-supervised inference: General theory and estimation of means. *arXiv preprint arXiv:1712.00432*. (Illustrates semi-supervised mean estimation and simulation setup).}
}

@misc{24,
    note = {ADNI Database placeholder - Original citation: Alzheimer's Disease Neuroimaging Initiative (ADNI) database (adni.loni.usc.edu). (Note: The reference list in solution.md uses '24' for ADNI, and then the 'Works Cited' uses numbers. I'm creating a placeholder for key '24' that's mentioned in the text for ADNI).}
}

@misc{27,
     note = {Placeholder for reference [27] on Overfitting/Model Tuning - content to be filled from actual source.}
}

@misc{30,
    note = {Placeholder for reference [30] for numpy - content to be filled from actual source, e.g. Harris, C.R., Millman, K.J., van der Walt, S.J. et al. Array programming with NumPy. Nature 585, 357–362 (2020).}
}

@misc{33,
    note = {Placeholder for reference [33] on Cursor AI - content to be filled from actual source, e.g. Cursor Website/Documentation.}
}

@misc{34,
    note = {Placeholder for reference [34] on Cursor AI features - content to be filled from actual source.}
}

@misc{37,
    note = {Placeholder for reference [37] on Cursor Jupyter - content to be filled from actual source.}
}

@misc{41,
    note = {Placeholder for reference [41] on Python libraries (pandas, scikit-learn, statsmodels, matplotlib, seaborn) - individual or collective references to be added.}
}

@misc{43,
    note = {Placeholder for reference [43] on Git/Version Control/Reproducibility - content to be filled from actual source.}
}

@misc{46,
    note = {Placeholder for reference [46] on Quarto LaTeX math - content to be filled from actual source.}
}

@misc{47,
    note = {Placeholder for reference [47] on tabulate library - content to be filled from actual source.}
}

@misc{48,
    note = {Placeholder for reference [48] on Great Tables library / Quarto asis - content to be filled from actual source.}
}

@misc{50,
    note = {Placeholder for reference [50] on Quarto figures - content to be filled from actual source.}
}

@misc{51,
    note = {Placeholder for reference [51] on Quarto cross-references - content to be filled from actual source.}
}

@misc{54,
    note = {Placeholder for reference [54] on Quarto bibliography/CSL - content to be filled from actual source.}
}

@misc{91,
    note = {Placeholder for reference [91] on handling missing data/Kaggle template - content to be filled from actual source.}
}

@misc{7,
    note = {Placeholder for reference [7] on limitations of classical inference with small samples - content to be filled from actual source.}
}

@misc{13,
    note = {Placeholder for reference [13] on plug-in estimation issues - content to be filled from actual source.}
}

@misc{5,
    note = {Placeholder for reference [5] on Semi-supervised learning (SSL) - content to be filled from actual source.}
}

@misc{3,
    note = {Placeholder for reference [3] Semi-supervised learning general concepts - content to be filled from actual source. Note: This key was present in the reference list as 'Semi-supervised learning general concepts. 3'. Make sure this is distinct if '3' is used elsewhere.}
}

@misc{18,
    note = {Placeholder for reference [18] on校正项/rectifier and mean estimation - content to be filled from actual source. (Note: [18] was used for McGill in the list, this is a textual reference to 18 in solution.md)}
}

@misc{20,
    note = {Placeholder for reference [20] on L_PP_lambda and lambda properties - content to be filled from actual source. (Note: [20] was used for ppi_py docs in the list, this is a textual reference to 20 in solution.md)}
}

@misc{7_alt,
    note = {Placeholder for reference [7] on classic inference limitations (duplicate key check) - content to be filled from actual source.}
} 