@article{angelopoulos2023prediction,
    title={Prediction-Powered Inference},
    author={Angelopoulos, Anastasios N and Bates, Stephen and Fannjiang, Clara and Jordan, Michael I and Zrnic, Tijana},
    journal={Science},
    volume={382},
    number={6669},
    pages={669--674},
    year={2023},
    publisher={American Association for the Advancement of Science}
}

@article{angelopoulos2023ppi,
    title={PPI++: Efficient Prediction-Powered Inference},
    author={Angelopoulos, Anastasios N and Duchi, John C and Zrnic, Tijana},
    journal={arXiv preprint arXiv:2311.01453},
    year={2023}
}

@article{barber2023cross,
    title={Cross-prediction: A method for valid inference powered by machine learning},
    author={Barber, Rina Foygel and Cand{\`e}s, Emmanuel J and Ramdas, Aaditya and Tibshirani, Ryan J},
    journal={Proceedings of the National Academy of Sciences},
    volume={120},
    number={50},
    pages={e2322083121},
    year={2023},
    publisher={National Acad Sciences}
}

@article{boyeau2025prediction,
    title={Prediction-powered inference for clinical trials},
    author={Boyeau, Pierre and Veyrier, Claire and Guedj, Benjamin},
    journal={medRxiv},
    year={2025}
}

@article{candes2023cross,
    title={Cross-prediction-powered inference},
    author={Cand{\`e}s, Emmanuel J and Zrnic, Tijana},
    journal={arXiv preprint arXiv:2309.16598},
    year={2023}
}

@article{chatzi2024stratified,
    title={Stratified Prediction-Powered Inference},
    author={Chatzi, Maria and Chen, Zijun and d'Alch{\'e}-Buc, Florence and Foster, Dean P and Stine, Robert},
    booktitle={Advances in Neural Information Processing Systems},
    year={2024}
}

@article{csillag2025prediction,
    title={Prediction-Powered E-Values},
    author={Csillag, Davi and Struchiner, Claudio Jos{\'e} and Goedert, Gabriel Teixeira},
    journal={arXiv preprint arXiv:2502.04294},
    year={2025}
}

@article{egami2023using,
    title={Using Imperfect Surrogates for Downstream Inference: Design-based Supervised Learning for Social Science Applications of Large Language Models},
    author={Egami, Naoki and Hinck, Margaret and Stewart, Brandon M and Wei, Hanying},
    journal={arXiv preprint arXiv:2306.04746},
    year={2023}
}

@misc{ppify_repo,
    title={ppi\_py: A Python Package for Prediction-Powered Inference},
    author={Angelopoulos, Anastasios N and others},
    howpublished={\url{https://github.com/aangelopoulos/ppi_py}},
    year={2023}
}

@article{kluger2025prediction,
    title={Prediction-Powered Inference with Imputed Covariates and Nonuniform Sampling},
    author={Kluger, David M and others},
    journal={arXiv preprint arXiv:2501.18577},
    year={2025}
}

@misc{lecun1998mnist,
    title={The MNIST database of handwritten digits},
    author={LeCun, Yann and Cortes, Corinna and Burges, Christopher JC},
    howpublished={\url{http://yann.lecun.com/exdb/mnist/}},
    year={1998}
}

@article{maurer2025autoeval,
    title={AutoEval-Phi: A Prediction-Powered Method for Automatic Evaluation of (Instruction-Following) Language Models},
    author={Maurer, David and others},
    journal={arXiv preprint arXiv:2403.07008},
    year={2025}
}

@article{miao2024active,
    title={Active Inference: A New Methodology for Machine-Learning-Assisted Data Collection},
    author={Miao, Wang and Lei, Lihua and Ramdas, Aaditya and Zrnic, Tijana},
    journal={arXiv preprint arXiv:2403.03208},
    year={2024}
}

@article{morris2019using,
    title={Using simulation studies to evaluate statistical methods},
    author={Morris, Tim P and White, Ian R and Crowther, Michael J},
    journal={Statistics in Medicine},
    volume={38},
    number={11},
    pages={2074--2102},
    year={2019},
    publisher={Wiley Online Library}
}

@article{paxton2001monte,
    title={Monte Carlo experiments: Design and implementation},
    author={Paxton, Pamela and Curran, Patrick J and Bollen, Kenneth A and Kirby, Jim and Chen, Feinian},
    journal={Structural Equation Modeling},
    volume={8},
    number={2},
    pages={287--312},
    year={2001},
    publisher={Taylor \& Francis}
}

@misc{quarto2023,
    title={Quarto: Open-source scientific and technical publishing system},
    howpublished={\url{https://quarto.org/}},
    year={2023}
}

@article{rajkomar2019machine,
    title={Machine learning in medicine},
    author={Rajkomar, Alvin and Dean, Jeffrey and Kohane, Isaac},
    journal={New England Journal of Medicine},
    volume={380},
    number={14},
    pages={1347--1358},
    year={2019},
    publisher={Mass Medical Soc}
}

@article{sim2005kappa,
    title={The kappa statistic in reliability studies: use, interpretation, and sample size requirements},
    author={Sim, Julius and Wright, Chris C},
    journal={Physical therapy},
    volume={85},
    number={3},
    pages={257--268},
    year={2005},
    publisher={Oxford University Press}
}

@article{timms2024check,
    title={How to check a simulation study},
    author={Timms, Laurence and others},
    journal={International Journal of Epidemiology},
    volume={53},
    number={1},
    pages={dyad134},
    year={2024},
    publisher={Oxford University Press}
}

@article{zhang2018semi,
    title={Semi-supervised inference: General theory and estimation of means},
    author={Zhang, Anru and Brown, Lawrence D and Cai, T Tony},
    journal={arXiv preprint arXiv:1712.00432},
    year={2018}
}

@misc{adni_database,
    title={Alzheimer's Disease Neuroimaging Initiative (ADNI) Database},
    howpublished={\url{https://adni.loni.usc.edu/}},
    note={Data used in preparation of this article were obtained from the Alzheimer's Disease Neuroimaging Initiative (ADNI) database}
}

@article{harris2020array,
    title={Array programming with NumPy},
    author={Harris, Charles R and Millman, K Jarrod and van der Walt, St{\'e}fan J and others},
    journal={Nature},
    volume={585},
    number={7825},
    pages={357--362},
    year={2020},
    publisher={Nature Publishing Group}
}

@misc{cursor2024,
    title={Cursor: The AI-first Code Editor},
    howpublished={\url{https://cursor.sh/}},
    year={2024}
}

@article{pedregosa2011scikit,
    title={Scikit-learn: Machine learning in Python},
    author={Pedregosa, Fabian and Varoquaux, Ga{\"e}l and Gramfort, Alexandre and others},
    journal={Journal of machine learning research},
    volume={12},
    pages={2825--2830},
    year={2011}
}

@book{mckinney2012python,
    title={Python for data analysis: Data wrangling with Pandas, NumPy, and IPython},
    author={McKinney, Wes},
    year={2012},
    publisher={O'Reilly Media, Inc.}
}

@article{seabold2010statsmodels,
    title={statsmodels: Econometric and statistical modeling with python},
    author={Seabold, Skipper and Perktold, Josef},
    booktitle={9th Python in Science Conference},
    year={2010}
}

@article{hunter2007matplotlib,
    title={Matplotlib: A 2D graphics environment},
    author={Hunter, John D},
    journal={Computing in science \& engineering},
    volume={9},
    number={3},
    pages={90--95},
    year={2007},
    publisher={IEEE Computer Society}
}

@misc{git2024,
    title={Git: Distributed Version Control System},
    howpublished={\url{https://git-scm.com/}},
    year={2024}
} 